<record>
  <leader>01088nem a2200265   4500</leader>
  <controlfield tag="001">991000098269702696</controlfield>
  <controlfield tag="005">20180501160528.0</controlfield>
  <controlfield tag="008">960513s1893    enk       a   |00 | eng d</controlfield>
  <datafield tag="035" ind1=" " ind2=" ">
    <subfield code="a">(IL-JeALB)10461-972ai_inst</subfield>
  </datafield>
  <datafield tag="035" ind1=" " ind2=" ">
    <subfield code="a">(UkOxU)10461</subfield>
    <subfield code="9">ExL</subfield>
  </datafield>
  <datafield tag="035" ind1=" " ind2=" ">
    <subfield code="a">UkOxUb11930549</subfield>
  </datafield>
  <datafield tag="040" ind1=" " ind2=" ">
    <subfield code="d">OCL</subfield>
    <subfield code="d">IL-JeALB</subfield>
  </datafield>
  <datafield tag="100" ind1="1" ind2=" ">
    <subfield code="a">Armstrong, George</subfield>
  </datafield>
  <datafield tag="245" ind1="1" ind2="0">
    <subfield code="a">Raised-map of Palestine :</subfield>
    <subfield code="b">constructed from the surveys of the Palestine Exploration Fund, and other sources /</subfield>
    <subfield code="c">by George Armstrong.</subfield>
  </datafield>
  <datafield tag="255" ind1=" " ind2=" ">
    <subfield code="a">Scale 3/8 inch = 1 mile, or 1:168,960</subfield>
  </datafield>
  <datafield tag="260" ind1=" " ind2=" ">
    <subfield code="a">London :</subfield>
    <subfield code="b">Palestine Exploration Fund,</subfield>
    <subfield code="c">1893</subfield>
  </datafield>
  <datafield tag="300" ind1=" " ind2=" ">
    <subfield code="a">1 folded sheet :</subfield>
    <subfield code="b">map (col.) ;</subfield>
    <subfield code="c">57 x 30 cm</subfield>
  </datafield>
  <datafield tag="500" ind1=" " ind2=" ">
    <subfield code="a">The map and title-panel have probably been photographically reduced for printing; hence the stated scale is incorrect.</subfield>
  </datafield>
  <datafield tag="506" ind1=" " ind2=" ">
    <subfield code="a">Will require conservation work before use.</subfield>
  </datafield>
  <datafield tag="651" ind1=" " ind2="0">
    <subfield code="a">Asia</subfield>
    <subfield code="z">Middle East</subfield>
    <subfield code="z">Palestine</subfield>
    <subfield code="v">Maps.</subfield>
  </datafield>
  <datafield tag="710" ind1="2" ind2=" ">
    <subfield code="a">Palestine Exploration Fund.</subfield>
  </datafield>
  <datafield tag="852" ind1="0" ind2=" ">
    <subfield code="8">229089450002696</subfield>
    <subfield code="b">ALBRIGHTLIBRARYMAIN</subfield>
    <subfield code="c">maps</subfield>
    <subfield code="h">GA1321.7.A7 1893</subfield>
  </datafield>
  <datafield tag="949" ind1=" " ind2=" ">
    <subfield code="a">GA1321.7.A7 1893</subfield>
    <subfield code="n">Folded maps drawer</subfield>
  </datafield>
  <datafield tag="950" ind1=" " ind2=" ">
    <subfield code="a">Local import; Oxford U &amp; National Library of Scotland</subfield>
  </datafield>
  <datafield tag="951" ind1=" " ind2=" ">
    <subfield code="a">21209</subfield>
  </datafield>
  <datafield tag="999" ind1=" " ind2=" ">
    <subfield code="a">MAP</subfield>
  </datafield>
</record>
